@article{doe2013,
    author    = "John Doe",
    title     = "A very interesting article",
    journal   = "Famous Journal",
    volume    = "2",
    number    = "3",
    pages     = "10-15",
    year      = "2013",
    month     = "Jun",
}


@book{meyer2014,
    author    = "Bob Meyer and Sally Smith and Martin Green",
    title     = "The Book",
    publisher = "PublishMe Ltd.",
    year      = "2014",
    month    = "May",
}

@article{1,
  title={Special issue on learning from imbalanced data sets},
  author={Chawla, Nitesh V and Japkowicz, Nathalie and Kotcz, Aleksander},
  journal={ACM SIGKDD explorations newsletter},
  volume={6},
  number={1},
  pages={1--6},
  year={2004},
  publisher={ACM New York, NY, USA}
}

@article{2,
  title={Evolutionary rule-based systems for imbalanced data sets},
  author={Orriols-Puig, Albert and Bernad{\'o}-Mansilla, Ester},
  journal={Soft Computing},
  volume={13},
  number={3},
  pages={213--225},
  year={2009},
  publisher={Springer}
}

@article{3,
  title={Class weights random forest algorithm for processing class imbalanced medical data},
  author={Zhu, Min and Xia, Jing and Jin, Xiaoqing and Yan, Molei and Cai, Guolong and Yan, Jing and Ning, Gangmin},
  journal={IEEE Access},
  volume={6},
  pages={4641--4652},
  year={2018},
  publisher={IEEE}
}

@article{4,
  title={Training neural network classifiers for medical decision making: The effects of imbalanced datasets on classification performance},
  author={Mazurowski, Maciej A and Habas, Piotr A and Zurada, Jacek M and Lo, Joseph Y and Baker, Jay A and Tourassi, Georgia D},
  journal={Neural networks},
  volume={21},
  number={2-3},
  pages={427--436},
  year={2008},
  publisher={Elsevier}
}

@article{5,
  title={A hybrid feature selection with ensemble classification for imbalanced healthcare data: A case study for brain tumor diagnosis},
  author={Huda, Shamsul and Yearwood, John and Jelinek, Herbert F and Hassan, Mohammad Mehedi and Fortino, Giancarlo and Buckland, Michael},
  journal={IEEE access},
  volume={4},
  pages={9145--9154},
  year={2016},
  publisher={IEEE}
}

@inproceedings{6,
  title={Effective prediction of three common diseases by combining SMOTE with Tomek links technique for imbalanced medical data},
  author={Zeng, Min and Zou, Beiji and Wei, Faran and Liu, Xiyao and Wang, Lei},
  booktitle={2016 IEEE International Conference of Online Analysis and Computing Science (ICOACS)},
  pages={225--228},
  year={2016},
  organization={IEEE}
}

@article{7,
  title={Handling imbalanced medical image data: A deep-learning-based one-class classification approach},
  author={Gao, Long and Zhang, Lei and Liu, Chang and Wu, Shandong},
  journal={Artificial Intelligence in Medicine},
  volume={108},
  pages={101935},
  year={2020},
  publisher={Elsevier}
}

@article{8,
  title={A novel Ensemble Learning Paradigm for Medical Diagnosis with Imbalanced Data},
  author={Liu, Na and Li, Xiaomei and Qi, Ershi and Xu, Man and Li, Ling and Gao, Bo},
  journal={IEEE Access},
  volume={8},
  pages={171263--171280},
  year={2020},
  publisher={IEEE}
}

@article{9,
  title={A survey of predictive modelling under imbalanced distributions},
  author={Branco, Paula and Torgo, Luis and Ribeiro, Rita},
  journal={arXiv preprint arXiv:1505.01658},
  year={2015}
}

@book{10,
  title={Learning from imbalanced data sets},
  author={Fern{\'a}ndez, Alberto and Garc{\'\i}a, Salvador and Galar, Mikel and Prati, Ronaldo C and Krawczyk, Bartosz and Herrera, Francisco},
  volume={11},
  year={2018},
  publisher={Springer}
}

@article{11,
  title={Oversampling method for imbalanced classification},
  author={Zheng, Zhuoyuan and Cai, Yunpeng and Li, Ye},
  journal={Computing and Informatics},
  volume={34},
  number={5},
  pages={1017--1037},
  year={2016}
}

@article{12,
  title={Exploratory undersampling for class-imbalance learning},
  author={Liu, Xu-Ying and Wu, Jianxin and Zhou, Zhi-Hua},
  journal={IEEE Transactions on Systems, Man, and Cybernetics, Part B (Cybernetics)},
  volume={39},
  number={2},
  pages={539--550},
  year={2008},
  publisher={IEEE}
}

@article{13,
  title={SMOTE: synthetic minority over-sampling technique},
  author={Chawla, Nitesh V and Bowyer, Kevin W and Hall, Lawrence O and Kegelmeyer, W Philip},
  journal={Journal of artificial intelligence research},
  volume={16},
  pages={321--357},
  year={2002}
}

@inproceedings{14,
  title={Imbalanced data set learning with synthetic samples},
  author={Wang, Benjamin X and Japkowicz, Nathalie},
  booktitle={Proc. IRIS Machine Learning Workshop},
  volume={19},
  year={2004},
  organization={sn}
}

@inproceedings{15,
  title={Borderline-SMOTE: a new over-sampling method in imbalanced data sets learning},
  author={Han, Hui and Wang, Wen-Yuan and Mao, Bing-Huan},
  booktitle={International conference on intelligent computing},
  pages={878--887},
  year={2005},
  organization={Springer}
}

@article{16,
  title={Two Modifications of CNN},
  author={ Tomek, Ivan },
  journal={IEEE Transactions on Systems Man \& Cybernetics},
  volume={SMC-6},
  number={11},
  pages={769-772},
  year={1976},
}

@article{17,
  title={Learning from imbalanced data},
  author={He, Haibo and Garcia, Edwardo A},
  journal={IEEE Transactions on knowledge and data engineering},
  volume={21},
  number={9},
  pages={1263--1284},
  year={2009},
  publisher={Ieee}
}

@inproceedings{18,
  title={The foundations of cost-sensitive learning},
  author={Elkan, Charles},
  booktitle={International joint conference on artificial intelligence},
  volume={17},
  number={1},
  pages={973--978},
  year={2001},
  organization={Lawrence Erlbaum Associates Ltd}
}

@inproceedings{19,
  title={Cost-sensitive learning methods for imbalanced data},
  author={Thai-Nghe, Nguyen and Gantner, Zeno and Schmidt-Thieme, Lars},
  booktitle={The 2010 International joint conference on neural networks (IJCNN)},
  pages={1--8},
  year={2010},
  organization={IEEE}
}

@article{20,
  title={Cost-sensitive learning and the class imbalance problem},
  author={Ling, Charles X and Sheng, Victor S},
  journal={Encyclopedia of machine learning},
  volume={2011},
  pages={231--235},
  year={2008},
  publisher={Citeseer}
}

@book{21,
  title={Encyclopedia of machine learning},
  author={Sammut, Claude and Webb, Geoffrey I},
  year={2011},
  publisher={Springer Science \& Business Media}
}

@article{22,
  title={A cost-sensitive decision tree approach for fraud detection},
  author={Sahin, Yusuf and Bulkan, Serol and Duman, Ekrem},
  journal={Expert Systems with Applications},
  volume={40},
  number={15},
  pages={5916--5923},
  year={2013},
  publisher={Elsevier}
}

@inproceedings{23,
  title={Metacost: A general method for making classifiers cost-sensitive},
  author={Domingos, Pedro},
  booktitle={Proceedings of the fifth ACM SIGKDD international conference on Knowledge discovery and data mining},
  pages={155--164},
  year={1999}
}

@inproceedings{24,
  title={Inducing cost-sensitive trees via instance weighting},
  author={Ting, Kai Ming},
  booktitle={European symposium on principles of data mining and knowledge discovery},
  pages={139--147},
  year={1998},
  organization={Springer}
}

@article{25,
  title={Types of cost in inductive concept learning},
  author={Turney, Peter D},
  journal={arXiv preprint cs/0212034},
  year={2002}
}

@book{26,
  title={Pattern classification using ensemble methods},
  author={Rokach, Lior},
  volume={75},
  year={2010},
  publisher={World Scientific}
}

@article{27,
  title={Rule extraction from support vector machines using ensemble learning approach: an application for diagnosis of diabetes},
  author={Han, Longfei and Luo, Senlin and Yu, Jianmin and Pan, Limin and Chen, Songjing},
  journal={IEEE journal of biomedical and health informatics},
  volume={19},
  number={2},
  pages={728--734},
  year={2014},
  publisher={IEEE}
}

@article{28,
  title={Ensemble methods for classification in cheminformatics},
  author={Merkwirth, Christian and Mauser, Harald and Schulz-Gasch, Tanja and Roche, Olivier and Stahl, Martin and Lengauer, Thomas},
  journal={Journal of chemical information and computer sciences},
  volume={44},
  number={6},
  pages={1971--1978},
  year={2004},
  publisher={ACS Publications}
}

@article{29,
  title={A review of ensemble methods in bioinformatics},
  author={Yang, Pengyi and Hwa Yang, Yee and B Zhou, Bing and Y Zomaya, Albert},
  journal={Current Bioinformatics},
  volume={5},
  number={4},
  pages={296--308},
  year={2010},
  publisher={Bentham Science Publishers}
}

@article{30,
  title={A composite classifier system design: Concepts and methodology},
  author={ Dasarathy, B. V.  and  Sheela, B. V. },
  journal={Proceedings of the IEEE},
  volume={67},
  number={5},
  pages={708-713},
  year={1979}
}

@article{31,
  title={Neural network ensembles},
  author={Hansen, Lars Kai and Salamon, Peter},
  journal={IEEE transactions on pattern analysis and machine intelligence},
  volume={12},
  number={10},
  pages={993--1001},
  year={1990},
  publisher={IEEE}
}

@book{32,
  title={Ensemble machine learning: methods and applications},
  author={Zhang, Cha and Ma, Yunqian},
  year={2012},
  publisher={Springer}
}

@book{33,
  title={Ensemble methods: foundations and algorithms},
  author={Zhou, Zhi-Hua},
  year={2012},
  publisher={CRC press}
}

@article{34,
  title={The Wisdom of Crowds},
  author={ Surowiecki, James  and  Silverman, Mark P. },
  journal={American Journal of Physics},
  volume={75},
  number={2},
  pages={190-192},
  year={2005},
}

@article{35,
  title={Sentiment classification: The contribution of ensemble learning},
  author={Wang, Gang and Sun, Jianshan and Ma, Jian and Xu, Kaiquan and Gu, Jibao},
  journal={Decision support systems},
  volume={57},
  pages={77--93},
  year={2014},
  publisher={Elsevier}
}

@article{36,
  title={Bagging predictors},
  author={Breiman, Leo},
  journal={Machine learning},
  volume={24},
  number={2},
  pages={123--140},
  year={1996},
  publisher={Springer}
}

@book{37,
  title={The jackknife, the bootstrap and other resampling plans},
  author={Efron, Bradley},
  year={1982},
  publisher={SIAM}
}

@article{38,
  title={Ensemble based systems in decision making},
  author={Polikar, Robi},
  journal={IEEE Circuits and systems magazine},
  volume={6},
  number={3},
  pages={21--45},
  year={2006},
  publisher={IEEE}
}

@article{39,
  title={Random forests},
  author={Breiman, Leo},
  journal={Machine learning},
  volume={45},
  number={1},
  pages={5--32},
  year={2001},
  publisher={Springer}
}

@article{40,
  title={The strength of weak learnability},
  author={Schapire, Robert E},
  journal={Machine learning},
  volume={5},
  number={2},
  pages={197--227},
  year={1990},
  publisher={Springer}
}

@article{41,
  title={A decision-theoretic generalization of on-line learning and an application to boosting},
  author={Freund, Yoav and Schapire, Robert E},
  journal={Journal of computer and system sciences},
  volume={55},
  number={1},
  pages={119--139},
  year={1997},
  publisher={Elsevier}
}

@inproceedings{42,
  title={Calibrating AdaBoost for asymmetric learning},
  author={Nikolaou, Nikolaos and Brown, Gavin},
  booktitle={International Workshop on Multiple Classifier Systems},
  pages={112--124},
  year={2015},
  organization={Springer}
}

@article{43,
  title={An empirical comparison of supervised machine learning techniques in bioinformatics},
  author={Tan, Aik Choon and Gilbert, David},
  year={2003},
  publisher={Australian Computer Society}
}

@article{44,
  title={Classification of imbalanced data: A review},
  author={Sun, Yanmin and Wong, Andrew KC and Kamel, Mohamed S},
  journal={International journal of pattern recognition and artificial intelligence},
  volume={23},
  number={04},
  pages={687--719},
  year={2009},
  publisher={World Scientific}
}

@article{45,
  title={An experimental comparison of performance measures for classification},
  author={Ferri, C{\'e}sar and Hern{\'a}ndez-Orallo, Jos{\'e} and Modroiu, R},
  journal={Pattern Recognition Letters},
  volume={30},
  number={1},
  pages={27--38},
  year={2009},
  publisher={Elsevier}
}

@article{46,
  title={A review on evaluation metrics for data classification evaluations},
  author={Hossin, Mohammad and Sulaiman, MN},
  journal={International Journal of Data Mining \& Knowledge Management Process},
  volume={5},
  number={2},
  pages={1},
  year={2015},
  publisher={Academy \& Industry Research Collaboration Center (AIRCC)}
}

@inproceedings{47,  
    author={X. {Guo} and Y. {Yin} and C. {Dong} and G. {Yang} and G. {Zhou}},  
    booktitle={2008 Fourth International Conference on Natural Computation},   
    title={On the Class Imbalance Problem},   
    year={2008},  
    volume={4},  
    number={},  
    pages={192-201},  
    doi={10.1109/ICNC.2008.871}
}

@article{48,
  title={Learning pattern classification tasks with imbalanced data sets},
  author={Nguyen, Giang Hoang and Bouzerdoum, Abdesselam and Phung, Son Lam},
  journal={Pattern recognition},
  pages={193--208},
  year={2009},
  publisher={InTech Vukovar, Croatia}
}

@article{49,
  title={An evaluation of the robustness of MTS for imbalanced data},
  author={Su, Chao-Ton and Hsiao, Yu-Hsiang},
  journal={IEEE Transactions on knowledge and data engineering},
  volume={19},
  number={10},
  pages={1321--1332},
  year={2007},
  publisher={IEEE}
}

@article{50,
  title={Examining imbalanced classification algorithms in predicting real-time traffic crash risk},
  author={Peng, Yichuan and Li, Chongyi and Wang, Ke and Gao, Zhen and Yu, Rongjie},
  journal={Accident Analysis \& Prevention},
  volume={144},
  pages={105610},
  year={2020},
  publisher={Elsevier}
}

@article{51,
  title={Imbalanced learning: foundations, algorithms, and applications},
  author={He, Haibo and Ma, Yunqian},
  year={2013},
  publisher={John Wiley \& Sons}
}

@article{52,
  title={Multivariate comparison of classification performance measures},
  author={Ballabio, Davide and Grisoni, Francesca and Todeschini, Roberto},
  journal={Chemometrics and Intelligent Laboratory Systems},
  volume={174},
  pages={33--44},
  year={2018},
  publisher={Elsevier}
}

@article{53,
  title={An introduction to ROC analysis},
  author={Fawcett, Tom},
  journal={Pattern recognition letters},
  volume={27},
  number={8},
  pages={861--874},
  year={2006},
  publisher={Elsevier}
}

@inproceedings{54,
  title={The relationship between Precision-Recall and ROC curves},
  author={Davis, Jesse and Goadrich, Mark},
  booktitle={Proceedings of the 23rd international conference on Machine learning},
  pages={233--240},
  year={2006}
}

@article{55,
  title={Markov logic networks},
  author={Richardson, Matthew and Domingos, Pedro},
  journal={Machine learning},
  volume={62},
  number={1-2},
  pages={107--136},
  year={2006},
  publisher={Springer}
}

@article{56,
  title={Performance Analysis of Isolation Forest Algorithm in Fraud Detection of Credit Card Transactions},
  author={Waspada, Indra and Bahtiar, Nurdin and Wirawan, Panji Wisnu and Awan, Bagus Dwi Ari},
  journal={Khazanah Informatika: Jurnal Ilmu Komputer dan Informatika},
  volume={6},
  number={2},
  year={2020}
}

@article{57,
  title={Selection of Evaluation Metrics for Gene Ontology Classifiers: Supplementary Information},
  author={Plyusnin, Ilya and Holm, Liisa and T{\"o}r{\"o}nen, Petri}
}

@inproceedings{58,
  title={Learning when negative examples abound},
  author={Kubat, Miroslav and Holte, Robert and Matwin, Stan},
  booktitle={European Conference on Machine Learning},
  pages={146--153},
  year={1997},
  organization={Springer}
}

@article{59,
  title={The ANNIGMA-wrapper approach to fast feature selection for neural nets},
  author={Hsu, Chun-Nan and Huang, Hung-Ju and Dietrich, Stefan},
  journal={IEEE Transactions on Systems, Man, and Cybernetics, Part B (Cybernetics)},
  volume={32},
  number={2},
  pages={207--212},
  year={2002},
  publisher={IEEE}
}

@inproceedings{60,
  title={Hybrid wrapper-filter approaches for input feature selection using maximum relevance and artificial neural network input gain measurement approximation (annigma)},
  author={Huda, Shamsul and Yearwood, John and Strainieri, Andrew},
  booktitle={2010 Fourth International Conference on Network and System Security},
  pages={442--449},
  year={2010},
  organization={IEEE}
}

@article{61,
  title={SMOTE: synthetic minority over-sampling technique},
  author={Chawla, Nitesh V and Bowyer, Kevin W and Hall, Lawrence O and Kegelmeyer, W Philip},
  journal={Journal of artificial intelligence research},
  volume={16},
  pages={321--357},
  year={2002}
}

@article{62,
  title={MWMOTE--majority weighted minority oversampling technique for imbalanced data set learning},
  author={Barua, Sukarna and Islam, Md Monirul and Yao, Xin and Murase, Kazuyuki},
  journal={IEEE Transactions on knowledge and data engineering},
  volume={26},
  number={2},
  pages={405--425},
  year={2012},
  publisher={IEEE}
}

@article{63,
  title={A decision-theoretic generalization of on-line learning and an application to boosting},
  author={Freund, Yoav and Schapire, Robert E},
  journal={Journal of computer and system sciences},
  volume={55},
  number={1},
  pages={119--139},
  year={1997},
  publisher={Elsevier}
}

@article{64,
  title={RUSBoost: A hybrid approach to alleviating class imbalance},
  author={Seiffert, Chris and Khoshgoftaar, Taghi M and Van Hulse, Jason and Napolitano, Amri},
  journal={IEEE Transactions on Systems, Man, and Cybernetics-Part A: Systems and Humans},
  volume={40},
  number={1},
  pages={185--197},
  year={2009},
  publisher={IEEE}
}

@inproceedings{65,
  title={Online and batch learning of pseudo-metrics},
  author={Shalev-Shwartz, Shai and Singer, Yoram and Ng, Andrew Y},
  booktitle={Proceedings of the twenty-first international conference on Machine learning},
  pages={94},
  year={2004}
}

@inproceedings{66,
  title={A comparative study of cost-sensitive boosting algorithms},
  author={Ting, Kai Ming},
  booktitle={In Proceedings of the 17th International Conference on Machine Learning},
  year={2000},
  organization={Citeseer}
}

@article{67,
  title={Cost-sensitive boosting algorithms: Do we really need them?},
  author={Nikolaou, Nikolaos and Edakunni, Narayanan and Kull, Meelis and Flach, Peter and Brown, Gavin},
  journal={Machine Learning},
  volume={104},
  number={2},
  pages={359--384},
  year={2016},
  publisher={Springer}
}

@inproceedings{68,
  title={SMOTEBoost: Improving prediction of the minority class in boosting},
  author={Chawla, Nitesh V and Lazarevic, Aleksandar and Hall, Lawrence O and Bowyer, Kevin W},
  booktitle={European conference on principles of data mining and knowledge discovery},
  pages={107--119},
  year={2003},
  organization={Springer}
}

@article{69,
  title={Distance metric learning for large margin nearest neighbor classification.},
  author={Weinberger, Kilian Q and Saul, Lawrence K},
  journal={Journal of machine learning research},
  volume={10},
  number={2},
  year={2009}
}

@inproceedings{70,
  title={On the generalized distance in statistics},
  author={Mahalanobis, Prasanta Chandra},
  year={1936},
  organization={National Institute of Science of India}
}

@article{71,
  title={Neighbourhood components analysis},
  author={Goldberger, Jacob and Hinton, Geoffrey E and Roweis, Sam and Salakhutdinov, Russ R},
  journal={Advances in neural information processing systems},
  volume={17},
  pages={513--520},
  year={2004},
  publisher={Citeseer}
}

@inproceedings{72,
  title={Iterative metric learning for imbalance data classification.},
  author={Wang, Nan and Zhao, Xibin and Jiang, Yu and Gao, Yue and BNRist, KLISS},
  booktitle={IJCAI},
  pages={2805--2811},
  year={2018}
}

@inproceedings{73,
  title={A Novel Model for Imbalanced Data Classification},
  author={Yin, Jian and Gan, Chunjing and Zhao, Kaiqi and Lin, Xuan and Quan, Zhe and Wang, Zhi-Jie},
  booktitle={Proceedings of the AAAI Conference on Artificial Intelligence},
  volume={34},
  number={04},
  pages={6680--6687},
  year={2020}
}

@inproceedings{74,
  title={Distance metric learning with application to clustering with side-information},
  author={Xing, Eric P and Ng, Andrew Y and Jordan, Michael I and Russell, Stuart},
  booktitle={NIPS},
  volume={15},
  number={505--512},
  pages={12},
  year={2002},
  organization={Citeseer}
}

@article{75,
  title={Nearest neighbor pattern classification. IEEE Trans Inf Theory IT-13(1):21-27},
  author={ Cover, T. M.  and  Hart, P. E. },
  journal={IEEE Transactions on Information Theory},
  volume={13},
  number={1},
  pages={21-27},
  year={1967}
}

@article{76,
  title={Covariance effect analysis of similarity measurement methods for early construction cost estimation using case-based reasoning},
  author={Ahn, Joseph and Park, Moonseo and Lee, Hyun-Soo and Ahn, Sung Jin and Ji, Sae-Hyun and Song, Kwonsik and Son, Bo-Sik},
  journal={Automation in Construction},
  volume={81},
  pages={254--266},
  year={2017},
  publisher={Elsevier}
}

@book{77,
  title={Data Preprocessing in Data Mining},
  author={Salvador García and Julián Luengo and  Herrera, Francisco },
  publisher={Springer International Publishing},
  year={2015},
}

@misc{78,
  title={Data preprocessing},
  author={Yang, Hui},
  year={2018},
  publisher={Citeseer}
}

@article{79,
  title={Data mining concepts and techniques third edition},
  author={Han, Jiawei and Kamber, Micheline and Pei, Jian},
  journal={The Morgan Kaufmann Series in Data Management Systems},
  volume={5},
  number={4},
  pages={83--124},
  year={2011}
}

@article{80,
  title={Data preprocessing for supervised leaning},
  author={Kotsiantis, Sotiris B and Kanellopoulos, Dimitris and Pintelas, Panagiotis E},
  journal={International Journal of Computer Science},
  volume={1},
  number={2},
  pages={111--117},
  year={2006},
  publisher={Citeseer}
}

@article{81,
  title={Data preprocessing techniques for classification without discrimination},
  author={Kamiran, Faisal and Calders, Toon},
  journal={Knowledge and Information Systems},
  volume={33},
  number={1},
  pages={1--33},
  year={2012},
  publisher={Springer}
}

@article{82,
  title={SampleClean: Fast and Reliable Analytics on Dirty Data.},
  author={Krishnan, Sanjay and Wang, Jiannan and Franklin, Michael J and Goldberg, Ken and Kraska, Tim and Milo, Tova and Wu, Eugene},
  journal={IEEE Data Eng. Bull.},
  volume={38},
  number={3},
  pages={59--75},
  year={2015}
}

@book{83,
  title={Missing data},
  author={Allison, Paul D},
  year={2001},
  publisher={Sage publications}
}

@book{84,
  title={Flexible imputation of missing data},
  author={Van Buuren, Stef},
  year={2018},
  publisher={CRC press}
}

@book{85,
  title={Hands-on machine learning with Scikit-Learn, Keras, and TensorFlow: Concepts, tools, and techniques to build intelligent systems},
  author={G{\'e}ron, Aur{\'e}lien},
  year={2019},
  publisher={O'Reilly Media}
}

@article{86,
  title={Principal component analysis},
  author={Wold, Svante and Esbensen, Kim and Geladi, Paul},
  journal={Chemometrics and intelligent laboratory systems},
  volume={2},
  number={1-3},
  pages={37--52},
  year={1987},
  publisher={Elsevier}
}

@book{87,
  title={Data mining: concepts, models, methods, and algorithms},
  author={Kantardzic, Mehmed},
  year={2011},
  publisher={John Wiley \& Sons}
}

@inproceedings{88,
  title={Outlier analysis},
  author={Aggarwal, Charu C},
  booktitle={Data mining},
  pages={237--263},
  year={2015},
  organization={Springer}
}

@article{89,
  title={A survey of outlier detection methodologies},
  author={Hodge, Victoria and Austin, Jim},
  journal={Artificial intelligence review},
  volume={22},
  number={2},
  pages={85--126},
  year={2004},
  publisher={Springer}
}

@article{90,
  title={Novel cost-sensitive approach to improve the multilayer perceptron performance on imbalanced data},
  author={Castro, Cristiano L and Braga, Ant{\^o}nio P},
  journal={IEEE transactions on neural networks and learning systems},
  volume={24},
  number={6},
  pages={888--899},
  year={2013},
  publisher={IEEE}
}

@article{91,
  title={Artificial intelligence: a modern approach},
  author={Russell, Stuart and Norvig, Peter},
  year={2002}
}

@article{92,
  title={Support-vector networks},
  author={Cortes, Corinna and Vapnik, Vladimir},
  journal={Machine learning},
  volume={20},
  number={3},
  pages={273--297},
  year={1995},
  publisher={Springer}
}

@book{93,
  title={Data mining with decision trees: theory and applications},
  author={Maimon, Oded Z and Rokach, Lior},
  volume={81},
  year={2014},
  publisher={World scientific}
}

@inproceedings{94,
  title={AdaCost: misclassification cost-sensitive boosting},
  author={Fan, Wei and Stolfo, Salvatore J and Zhang, Junxin and Chan, Philip K},
  booktitle={Icml},
  volume={99},
  pages={97--105},
  year={1999},
  organization={Citeseer}
}

@article{95,
  title={Evaluating the effect of dataset size on predictive model using supervised learning technique},
  author={Ajiboye, AR and Abdullah-Arshah, Ruzaini and Hongwu, Q},
  year={2015},
  publisher={Universiti Malaysia Pahang}
}

@inproceedings{96,
  title={Self-paced ensemble for highly imbalanced massive data classification},
  author={Liu, Zhining and Cao, Wei and Gao, Zhifeng and Bian, Jiang and Chen, Hechang and Chang, Yi and Liu, Tie-Yan},
  booktitle={2020 IEEE 36th International Conference on Data Engineering (ICDE)},
  pages={841--852},
  year={2020},
  organization={IEEE}
}

@misc{97,
author = {Dua, Dheeru and Graff, Casey},
year = {2017},
title = {UCI Machine Learning Repository},
howpublished = {\url{http://archive.ics.uci.edu/ml}},
institution = {University of California, Irvine, School of Information and Computer Sciences}
}

@article{98,
  title={KEEL Data-Mining Software Tool: Data Set Repository, Integration of Algorithms and Experimental Analysis Framework},
  author={Alcal{\'a}-Fdez, Jes{\'u}s and Fern{\'a}ndez, Alberto and Luengo, Juli{\'a}n and Derrac, Joaqu{\'\i}n and Garc{\'\i}a, Salvador and S{\'a}nchez, Luciano and Herrera, Francisco},
  journal={Journal of Multiple-Valued Logic \& Soft Computing},
  volume={17},
  number={2-3},
  pages={255-287},
  year={2011},
  publisher={Citeseer}
}

@article{99,
  title={OpenML: networked science in machine learning},
  author={Vanschoren, Joaquin and Van Rijn, Jan N and Bischl, Bernd and Torgo, Luis},
  journal={ACM SIGKDD Explorations Newsletter},
  volume={15},
  number={2},
  pages={49--60},
  year={2014},
  publisher={ACM New York, NY, USA}
}

@misc{100,
   author = {Jiawen (Fay) Kong},
   note = {2009},
   title = {What is a class imbalance classification problem?},
   howpublished = {\url{https://ecole-itn.eu/ecole-blog/#1574339393650-53e7d5da-805b}}
}

@misc{101,
   author = {Gaurav Singhal},
   note = {2020},
   title = {Ensemble Methods in Machine Learning: Bagging Versus Boosting.},
   howpublished = {\url{https://www.pluralsight.com/guides/ensemble-methods:-bagging-versus-boosting}}
}

@misc{102,
   author = {Tarang Shah},
   note = {2017},
   title = {Validation and Test Sets in Machine Learning.},
   howpublished = {\url{https://towardsdatascience.com/train-validation-and-test-sets-72cb40cba9e7}}
}

@misc{103,
  title={C4. 5: Programs for machine learning by j. ross quinlan. morgan kaufmann publishers, inc., 1993},
  author={Salzberg, Steven L},
  year={1994},
  publisher={Springer}
}

@article{104,
  title={The impact of class imbalance in classification performance metrics based on the binary confusion matrix},
  author={Luque, Amalia and Carrasco, Alejandro and Mart{\'\i}n, Alejandro and de las Heras, Ana},
  journal={Pattern Recognition},
  volume={91},
  pages={216--231},
  year={2019},
  publisher={Elsevier}
}

@article{105,
  title={Thyroid disease data set},
  author={Quinlan, Ross},
  journal={UCI Machine Learning Repository},
  year={2010}
}

@article{106,
  title={The prediction of breast cancer biopsy outcomes using two CAD approaches that both emphasize an intelligible decision process},
  author={Elter, Matthias and Schulz-Wendtland, R{\"u}diger and Wittenberg, Thomas},
  journal={Medical physics},
  volume={34},
  number={11},
  pages={4164--4172},
  year={2007},
  publisher={Wiley Online Library}
}

@inproceedings{107,
  title={Nuclear feature extraction for breast tumor diagnosis},
  author={Street, W Nick and Wolberg, William H and Mangasarian, Olvi L},
  booktitle={Biomedical image processing and biomedical visualization},
  volume={1905},
  pages={861--870},
  year={1993},
  organization={International Society for Optics and Photonics}
}

@article{108,
  title={Cost-sensitive classification: Empirical evaluation of a hybrid genetic decision tree induction algorithm},
  author={Turney, Peter D},
  journal={Journal of artificial intelligence research},
  volume={2},
  pages={369--409},
  year={1994}
}

@misc{109,
   author = {KDD Cup 2004},
   note = {2004},
   title = {Particle physics; plus protein homology prediction},
   howpublished = {\url{https://www.kdd.org/kdd-cup/view/kdd-cup-2004/Data}}
}

@article{110,
  title={Data mining static code attributes to learn defect predictors},
  author={Menzies, Tim and Greenwald, Jeremy and Frank, Art},
  journal={IEEE transactions on software engineering},
  volume={33},
  number={1},
  pages={2--13},
  year={2006},
  publisher={IEEE}
}

@article{111,
  title={An introduction to ROC analysis},
  author={Fawcett, Tom},
  journal={Pattern recognition letters},
  volume={27},
  number={8},
  pages={861--874},
  year={2006},
  publisher={Elsevier}
}